@inproceedings{li-smartphonereuse,
 author = {Li, Xun and Ortiz, Pablo J. and Browne, Jeffrey and Franklin, Diana and Oliver, John Y. and Geyer, Roland and Zhou, Yuanyuan and Chong, Frederic T.},
 title = {Smartphone Evolution and Reuse: Establishing a More Sustainable Model},
 booktitle = {Proceedings of the 2010 39th International Conference on Parallel Processing Workshops},
 series = {ICPPW '10},
 year = {2010},
 isbn = {978-0-7695-4157-0},
 pages = {476--484},
 numpages = {9},
 url = {http://dx.doi.org/10.1109/ICPPW.2010.70},
 doi = {10.1109/ICPPW.2010.70},
 acmid = {1905162},
 publisher = {IEEE Computer Society},
 address = {Washington, DC, USA},
 keywords = {Sustainable Computing, Education, Smartphone Evolution},
} 

@misc{epa-ewasteweb,
  TITLE = {{Statistics on the Management of Used and End-of-Life
    Electronics}},
  AUTHOR = {{United States Environmental Protection Agency}},
  HOWPUBLISHED =
  {\url{http://www.epa.gov/osw/conserve/materials/ecycling/manage.htm}}
}

@misc{emulab-web,
  AUTHOR = {{Emulab Total Network Testbed}},
  TITLE = {{Emulab - Network Emulation Testbed Home}},
  HOWPUBLISHED =
  {\url{http://www.emulab.net/}}}
@misc{planetlab-web,
  AUTHOR = {{PlanetLab Consortium}},
  TITLE = {{PlanetLab: An open platform for developing, deploying, and
    accessing planetary-scale services.}},
  HOWPUBLISHED =
  {\url{http://www.planet-lab.org/}}}
@inproceedings{bursty-sensys09,
 author = {Alizai, Muhammad Hamad and Landsiedel, Olaf and Link, J\'{o} \'{A}gila Bitsch and G\"{o}tz, Stefan and Wehrle, Klaus},
 title = {Bursty traffic over bursty links},
 booktitle = {SenSys '09: Proceedings of the 7th ACM Conference on Embedded Networked Sensor Systems},
 year = {2009},
 isbn = {978-1-60558-519-2},
 pages = {71--84},
 location = {Berkeley, California},
 doi = {http://doi.acm.org/10.1145/1644038.1644046},
 publisher = {ACM},
 address = {New York, NY, USA},
 }

@inproceedings{ctp-sensys09,
 author = {Gnawali, Omprakash and Fonseca, Rodrigo and Jamieson, Kyle and Moss, David and Levis, Philip},
 title = {Collection tree protocol},
 booktitle = {SenSys '09: Proceedings of the 7th ACM Conference on Embedded Networked Sensor Systems},
 year = {2009},
 isbn = {978-1-60558-519-2},
 pages = {1--14},
 location = {Berkeley, California},
 doi = {http://doi.acm.org/10.1145/1644038.1644040},
 publisher = {ACM},
 address = {New York, NY, USA},
 }

@inproceedings{isolation-sensys09,
 author = {Il Choi, Jung and Kazandjieva, Maria A. and Jain, Mayank and Levis, Philip},
 title = {The case for a network protocol isolation layer},
 booktitle = {SenSys '09: Proceedings of the 7th ACM Conference on Embedded Networked Sensor Systems},
 year = {2009},
 isbn = {978-1-60558-519-2},
 pages = {267--280},
 location = {Berkeley, California},
 doi = {http://doi.acm.org/10.1145/1644038.1644065},
 publisher = {ACM},
 address = {New York, NY, USA},
 }

@INPROCEEDINGS{stork,
	AUTHOR = "T.~Kosar and M.~Livny",
	TITLE = "Stork: Making Data Placement a First Class Citizen in the Grid",
	BOOKTITLE = " Proceedings of ICDCS'04 ",
	PAGES = "342-349",
	MONTH = "March", 
	YEAR = {2004}	}

@ARTICLE{petashare,
	AUTHOR = "X. Wang and D. Huang and I. Akturk and M. Balman and G. Allen and T. Kosar",
	TITLE = "Semantic Enabled Metadata Management in PetaShare",
	JOURNAL = {Journal of Grid and Utility Computing (IJGUC)},
	YEAR = {2009}	}

@inproceedings{cloudclone-hotos,
 author = {Chun, Byung-Gon and Maniatis, Petros},
 title = {Augmented smartphone applications through clone cloud execution},
 booktitle = {HotOS'09: Proceedings of the 12th conference on Hot topics in operating systems},
 year = {2009},
 pages = {8--8},
 location = {Monte Verit\`{a}, Switzerland},
 publisher = {USENIX Association},
 address = {Berkeley, CA, USA},
}

@misc{cloudclone-web,
  AUTHOR = {{Intel Berkeley CloudClone Project}},
  TITLE = {{CloudClone}},
  HOWPUBLISHED =
  {\url{http://berkeley.intel-research.net/bgchun/clonecloud/}}
}

@inproceedings{motelab-ipsn,
	Author = {Geoff Werner-Allen and Pat Swieskowski and Matt Welsh},
	Booktitle = proc # {the Fourth International Conference on   Information Processing in Sensor Networks (IPSN'05)},
	Date-Added = {2008-04-13 11:47:28 -0400},
	Date-Modified = {2008-04-13 11:47:28 -0400},
	Month = {April},
	Title = {{MoteLab: A Wireless Sensor Network Testbed}},
	Year = 2005}

@misc{motelab-web,
  AUTHOR = {{Harvard MoteLab Testbed}},
  TITLE = {{MoteLab}},
  HOWPUBLISHED =
  {\url{http://motelab.eecs.harvard.edu}}}
}

@misc{opencirrus-web,
  AUTHOR = {{OpenCirrus (TM) the HP/Intel/Yahoo! Open Cloud Computing
    Research Testbed}},
  TITLE = {{OpenCirrus (TM)}},
  HOWPUBLISHED =
  {\url{http://opencirrus.org}}}

@article{opencirrus-ieee,
  AUTHOR = {Arutyun I. Avetisyan and Roy Campbell and Indranil Gupta and Michael
      T. Heath and Steven Y. Ko and Gregory R. Ganger and Michael A. Kozuch and
      David O'Hallaron and Marcel Kunze and Thomas T. Kwan and Kevin Lai and
      Martha Lyons and Dejan S. Milojicic and Hing Yan Lee and Yeng Chai Soh and
      Ng Kwang Ming and Jing-Yuan Luke and Han Namgoong},
  TITLE = {{Open Cirrus: A Global Cloud Computing Testbed}},
  JOURNAL ={IEEE Computer},
  VOLUME = {43},
  ISSN = {0018-9162},
  YEAR = {2010},
  PAGES = {35-43},
  DOI = {http://doi.ieeecomputersociety.org/10.1109/MC.2010.111},
  PUBLISHER = {IEEE Computer Society},
  ADDRESS = {Los Alamitos, CA, USA}}


@inproceedings{opencirrus-hotcloud,
  AUTHOR = {Roy Campbell and Indranil Gupta and Michael Heath and Steven Y. Ko
    and Michael Kozuch and Marcel Kunze and Thomas Kwan and Kevin Lai
    and Hing Yan Lee and Martha Lyons and Dejan Milojicic and David O'Hallaron
    and Yeng Chai Soh},
  TITLE = {{Open Cirrus Cloud Computing Testbed: Federated Data Centers for
    Open Source Systems and Services Research}},
  BOOKTITLE = {HotCloud'09: Proceedings of the 1st Workshop on Hot Topics in
    Cloud Computing},
  YEAR = {2009},
  LOCATION = {Sandiego, CA}},
  PUBLISHER = {USENIX Association},
  ADDRESS = {Berkeley, CA, USA}}

@Article{lites,
  author = 	 {A. Arora and P. Dutta and S. Bapat and V. Kulathumani and H. Zhang and V. Naik and V. Mittal and H. Cao and M. Demirbas and M. Gouda and Y-R. Choi and T. Herman and S. S. Kulkarni and U. Arumugam and M. Nesterenko and A. Vora and M. Miyashita},
  title = 	 {A line in the sand: A wireless sensor network for target detection, classification, and tracking},
  journal = 	 {Computer Networks (Elsevier)},
  year = 	 {2004},
  OPTkey = 	 {},
  volume = 	 {46},
  number = 	 {5},
  pages = 	 {605--634},
  OPTmonth = 	 {},
  OPTnote = 	 {},
  OPTannote = 	 {}
}

@Article{exscal,
  OPTauthor = 	 {A. Arora and et. al.},
  author = {A. Arora and R. Ramnath and E. Ertin and P. Sinha and S. Bapat and V. Naik and V. Kulathumani and H. Zhang and H. Cao and M. Sridharan and S. Kumar and N. Seddon and C. Anderson and T. Herman and N. Trivedi and C. Zhang and M. Nesterenko and R. Shah and S. Kulkarni and M. Aramugam and L. Wang and M. Gouda and Y. Choi and D. Culler and P. Dutta and C. Sharp and G. Tolle and M. Grimmer and B. Ferriera and K. Parker},
  title = 	 {ExScal: Elements of an Extreme Scale Wireless Sensor Network},
  journal = 	 {Int. Conf. on Embedded and Real-Time Computing Systems and Applications},
  year = 	 {2005},
  OPTkey = 	 {},
  OPTvolume = 	 {},
  OPTnumber = 	 {},
  OPTpages = 	 {},
  OPTmonth = 	 {},
  OPTnote = 	 {},
  OPTannote = 	 {}
}

@inproceedings{tinyos,
    author = "Jason Hill and Robert Szewczyk and Alec Woo and Seth
    Hollar and David E. Culler and Kristofer S. J. Pister",
    title = "System Architecture Directions for Networked Sensors",
    booktitle = proc # "the 9th International Conference on Architectural
    Support for Programming Languages and Operating Systems",
    month = nov,
    pages = "93-104", year = "2000", address="Boston, MA, USA" }

@inproceedings{contiki,
	Address = {Tampa, FL},
	Author = {Adam Dunkels and Bjorn Gronvall and Thiemo Voigt},
	Booktitle = proc # {First IEEE Workshop on Embedded Networked Sensors    (EmNetS)},
	Date-Added = {2008-04-13 11:47:28 -0400},
	Date-Modified = {2008-04-13 11:47:28 -0400},
	Month = {November},
	Title = {{Contiki: A Lightweight and Flexible Operating System for    Tiny Networked Sensors}},
	Year = 2004}
